@inproceedings{KinectSimulator,
  title = {Robot Arm Pose Estimation through Pixel-Wise Part Classification},
  author = {Bohg, Jeannette and Romero, Javier and Herzog, Alexander and Schaal, Stefan},
  booktitle = {IEEE International Conference on Robotics and Automation (ICRA) 2014},
  pages = {3143--3150},
  month = jun,
  year = {2014},
  month_numeric = {6}
}

@inproceedings{V-HACD,
 author = {Mamou, Khaled and Ghorbel, Faouzi},
 title = {A Simple and Efficient Approach for 3D Mesh Approximate Convex Decomposition},
 booktitle = {Proceedings of the 16th IEEE International Conference on Image Processing},
 series = {ICIP'09},
 year = {2009},
 isbn = {978-1-4244-5653-6},
 location = {Cairo, Egypt},
 pages = {3465--3468},
 numpages = {4},
 url = {http://dl.acm.org/citation.cfm?id=1819298.1819696},
 acmid = {1819696},
 publisher = {IEEE Press},
 address = {Piscataway, NJ, USA},
 keywords = {3D mesh, approximate convex decomposition, collision detection, hierarchical segmentation},
} 

@INPROCEEDINGS{MuJoCo, 
author={E. Todorov and T. Erez and Y. Tassa}, 
booktitle={2012 IEEE/RSJ International Conference on Intelligent Robots and Systems}, 
title={MuJoCo: A physics engine for model-based control}, 
year={2012}, 
volume={}, 
number={}, 
pages={5026-5033}, 
keywords={C++ language;XML;application program interfaces;control engineering computing;data structures;finite difference methods;humanoid robots;optimal control;program compilers;shock absorbers;12-core machine;3D humanoid;MuJoCo;active contacts;actuator activation states;built-in compiler transforms;finite differencing;high-level C++ API;intuitive XML file format;model-based control;multijoint dynamics;optimal control applications;optimized data structure;physics engine;recursive algorithms;runtime computation;spring-dampers;tendon wrapping;velocity-stepping approach;Computational modeling;Dynamics;Engines;Heuristic algorithms;Mathematical model;Optimization}, 
doi={10.1109/IROS.2012.6386109}, 
ISSN={2153-0858}, 
month={Oct},}

@article{MarekIJRR,
author = {Marek Kopicki and Renaud Detry and Maxime Adjigble and Rustam Stolkin and Ales Leonardis and Jeremy L. Wyatt},
title ={One-shot learning and generation of dexterous grasps for novel objects},
journal = {The International Journal of Robotics Research},
volume = {35},
number = {8},
pages = {959-976},
year = {2016},
doi = {10.1177/0278364915594244},

URL = { 
        https://doi.org/10.1177/0278364915594244
    
},
eprint = { 
        https://doi.org/10.1177/0278364915594244
    
}
}

@article{Levine1,
author = {Sergey Levine and Peter Pastor and Alex Krizhevsky and Julian Ibarz and Deirdre Quillen},
title ={Learning hand-eye coordination for robotic grasping with deep learning and large-scale data collection},
journal = {The International Journal of Robotics Research},
volume = {0},
number = {0},
pages = {0278364917710318},
year = {0},
doi = {10.1177/0278364917710318},

URL = { 
        https://doi.org/10.1177/0278364917710318
    
},
eprint = { 
        https://doi.org/10.1177/0278364917710318
    
}
}
