%r0 : we use this paper to do weight initialization
%r1 : we use this paper to calculate Gaussian Curvature and mean Curvature.
%r2: we use smooth l1 loss from this paper.
%r3: Batch normalization is from this paper.
%r4: this is VGG16 network paper.
%r5: we use Adam to optimize loss.
%
%r6,r7,r8 are some similar work like us.

@inproceedings{r0,
  title={Understanding the difficulty of training deep feedforward neural networks},
  author={Glorot, Xavier and Bengio, Yoshua},
  booktitle={Proceedings of the Thirteenth International Conference on Artificial Intelligence and Statistics},
  pages={249--256},
  year={2010}
}

@inproceedings{r1,
  title={Simplified Gaussian and mean curvatures to range image segmentation},
  author={Zhao, Changsheng and Zhao, Dongming and Chen, Yubao},
  booktitle={Pattern Recognition, 1996., Proceedings of the 13th International Conference on},
  volume={2},
  pages={427--431},
  year={1996},
  organization={IEEE}
}

@inproceedings{r2,
  title={Fast R-CNN},
  author={Girshick, Ross},
  booktitle={Proceedings of the 2015 IEEE International Conference on Computer Vision (ICCV)},
  pages={1440--1448},
  year={2015},
  organization={IEEE Computer Society}
}

@inproceedings{r3,
  title={Batch normalization: Accelerating deep network training by reducing internal covariate shift},
  author={Ioffe, Sergey and Szegedy, Christian},
  booktitle={International Conference on Machine Learning},
  pages={448--456},
  year={2015}
}

@article{r4,
  title={Very deep convolutional networks for large-scale image recognition},
  author={Simonyan, Karen and Zisserman, Andrew},
  journal={arXiv preprint arXiv:1409.1556},
  year={2014}
}

@article{r5,
author = {Kingma, Diederik and Ba, Jimmy},
year = {2014},
month = {12},
pages = {},
title = {Adam: A Method for Stochastic Optimization},
booktitle = {International Conference on Learning Representations}
}


@InProceedings{r6,
author="Levine, Sergey
and Pastor, Peter
and Krizhevsky, Alex
and Quillen, Deirdre",
editor="Kuli{\'{c}}, Dana
and Nakamura, Yoshihiko
and Khatib, Oussama
and Venture, Gentiane",
title="Learning Hand-Eye Coordination for Robotic Grasping with Large-Scale Data Collection",
booktitle="2016 International Symposium on Experimental Robotics",
year="2017",
publisher="Springer International Publishing",
address="Cham",
pages="173--184",
isbn="978-3-319-50115-4"
}

@inproceedings{r7,
  title={Planning Multi-Fingered Grasps as Probabilistic Inference in a Learned Deep Network},
  author={Lu, Qingkai and Chenna, Kautilya and Sundaralingam, Balakumar and Hermans, Tucker},
  booktitle={International Symposium on Robotics Research},
  year={2017}
}


@inproceedings{r8,
  title={Generating multi-fingered robotic grasps via deep learning},
  author={Varley, Jacob and Weisz, Jonathan and Weiss, Jared and Allen, Peter},
  booktitle={Intelligent Robots and Systems (IROS), 2015 IEEE/RSJ International Conference on},
  pages={4415--4420},
  year={2015},
  organization={IEEE}
}
